@string{JCP = {J. Chem. Phys.}}
@string{MNRAS = {Monthly Notices of the Royal Astronomical Society }}

@article{comb90,
author = {Miller, James A and Kee, Robert J and Westbrook, Charles K},
journal = {Annu. Rev. Phys. Chem.},
pages = {345--387},
title = {{Chemical Kinetics and Combustion Modeling}},
volume = {41},
year = {1990}
}
@article{atmo88,
author = {Ravishankara, R},
journal = {Annu. Rev. Phys. Chem.},
pages = {367--394},
title = {{Kinetics of radical reactions in the atmospheric oxidation of CH$_4$}},
volume = {39},
year = {1988}
}
@article{semi87,
author = {Jasinski, J M and Meyerson, B S and Scott, B A},
journal = {Annu. Rev. Phys. Chem.},
pages = {109--140},
title = {{Mechanistic Studies of Chemical Vapor Deposition}},
volume = {38},
year = {1987}
}
@article{diamond91,
author = {Celii, F G and Butler, J E},
journal = {Annu. Rev. Phys. Chem.},
pages = {643--684},
title = {{Diamond Chemical Vapor Deposition}},
volume = {42},
year = {1991}
}
@article{astro02,
author = {Dmitriev, R. A. Zhitnikov and Dmitriev, Yu. A.},
journal = {Astron. Astrophys.},
pages = {1129--1138},
title = {{Detection of free radicals in low-temperature gas-grain reactions of astrophysical interest}},
volume = {386},
year = {2002}
}
@article{astro98,
author = {Feuchtgruber, H and Moses, J I and Encrenaz, T},
journal = {Astron. Astrophys.},
pages = {L41--L44},
title = {{Detection of methyl radicals CH$_3$ on Saturn}},
volume = {44},
year = {1998}
}
@article{astro99,
author = {B{\'{e}}zard, B and Romani, P N and Feuchtgruber, H and Encrenaz, T},
journal = {Astrophys. J.},
pages = {868--872},
title = {{Detection of the Methyl Radical on Neptune}},
volume = {515},
year = {1999}
}
@article{astro00,
author = {Feuchtgruber, H. and Helmich, F. and van Dishoeck, Ewine F. and Wright, C. M.},
journal = {Astrophys. J.},
pages = {L111--L114},
title = {{Detection of Intersteller CH$_3$}},
volume = {535},
year = {2000}
}
@article{xelec03,
author = {Settersten, Thomas B. and Farrow, Roger L. and Gray, Jeffrey A.},
journal = {Chem. Phys. Lett.},
pages = {204--210},
title = {{Coherent infrared-ultraviolet double-resonance spectroscopy of CH$_3$}},
volume = {370},
year = {2003}
}
@article{nu2_72,
author = {Lefohn, Allen S. and Pimentel, George C.},
journal = {J. Chem. Phys.},
pages = {4028--4037},
title = {{Infrared spectrum of Gaseous Methyl Radical by Rapid Scan Spectroscopy}},
volume = {57},
year = {1972}
}
@article{nu1_84,
author = {Holt, P. L. and McCurdy, K. E. and Weisman, R. B. and Adams, J. S. and Engel, P. S.},
journal = {J. Chem. Phys.},
pages = {3349--3350},
title = {{Transient CARS spectroscopy of the $\nu_1$ band of methyl radical}},
volume = {81},
year = {1984}
}
@article{nu1_88,
author = {Kelly, P. B. and Westre, Sion G.},
journal = {Chem. Phys. Lett.},
pages = {253--257},
title = {{Resonance Raman spectroscopy of the methyl radical}},
volume = {151},
year = {1988}
}
@article{nu1_92,
author = {Triggs, Nancy E. and Zahedi, Mansour and Nibler, Joseph W. and DeBarber, Peter and Valentini, James J.},
journal = {J. Chem. Phys.},
pages = {1822--1831},
title = {{High resolution study of the $\nu_1$ vibration of CH$_3$ by coherent Raman photofragment spectroscopy}},
volume = {96},
year = {1992}
}
@article{nu1_94,
author = {Zahedi, Mansour and Harrison, James A. and Nibler, Joseph W.},
journal = {J. Chem. Phys.},
pages = {4043--4055},
title = {{266 nm CH$_3$Iphotodissociation: CH$_3$ spectra and population distributions by coherent Raman spectroscopy}},
volume = {100},
year = {1994}
}
@article{nu1_96,
author = {H{\"{a}}drich, S. and Hefter, S. and Pfelzer, B. and Doerk, T. and Jauernik, P. and Uhlenbusch, J.},
journal = {Chem. Phys. Lett.},
pages = {83--86},
title = {{Determination of the absolute Raman cross section of methyl}},
volume = {256},
year = {1996}
}
@article{dnu1_89a,
author = {Westre, S. G. and Kelly, P. B.},
journal = {J. Chem. Phys.},
pages = {6977--6979},
title = {{Examination of CD$_3$ vibrational structure by resonance Raman spectroscopy}},
volume = {90},
year = {1989}
}
@article{dnu1_89b,
author = {Miller, James T. and Burton, Katherine A. and Weisman, R. Bruce and Wu, Wen Xue and Engel, Paul S.},
journal = {Chem. Phys. Lett.},
pages = {179--183},
title = {{CARS spectroscopy of gas phase CD$_3$}},
volume = {158},
year = {1989}
}
@article{aa15,
author = {Adam, Ahmad Y. and Yachmenev, Andrey and Yurchenko, Sergei N. and Jensen, Per},
journal = {J. Chem. Phys.},
pages = {244306/1--7},
title = {{Ro-vibrational averaging of the isotropic hyperfine coupling constant for the methyl radical}},
volume = {143},
year = {2015}
}
@Article{jt528,
author = {J. Tennyson AND S. N. Yurchenko},
title = {{ExoMol: molecular line lists for exoplanet and other atmospheres}},
journal = {Monthly Notices of the Royal Astronomical Society },
year={2012},
volume  = {425},
pages = {21--33},
}
@Article{exomol,
title = {{The ExoMol database: molecular line lists for exoplanet and other hot atmospheres}},
author = "Jonathan Tennyson and Sergei N. Yurchenko and Ahmed F. Al-Refaie and Emma J. Barton and Katy L. Chubb and Phillip A. Coles and S. Diamantopoulou and Maire N. Gorman and Christian Hill and Aden Z. Lam and Lorenzo Lodi and Laura K. McKemmish and Yueqi Na and Alec Owens and Oleg L. Polyansky and T Rivlin and Clara Sousa-Silva and Daniel S. Underwood and Andrey Yachmenev and Emil Zak",
journal = {J. Mol. Spectrosc.},
year={2016},
volume  = {327},
pages = {73--94},
}
@Article{jt564,
author = {S. N. Yurchenko and J. Tennyson},
title = {{ExoMol line lists IV: The rotation-vibration spectrum of methane
up to 1500 K}},
journal = {Monthly Notices of the Royal Astronomical Society },
volume = {440},
pages = {1649--1661},
year={2014}
}
@article{nh3_09,
author = {Yurchenko, Sergei N and Barber, Robert J and Yachmenev, Andrey and Thiel, Walter and Jensen, Per and Tennyson, Jonathan},
journal = {J. Phys. Chem. A},
pages = {11845--11855},
title = {{A Variationally computed T=300 K line list for NH$_3$}},
volume = {113},
year = {2009}
}
@Article{jt571,
author = {C. Sousa-Silva and N. Hesketh and S. N. Yurchenko and C. Hill and J. Tennyson},
title = {{High Temperature partition functions and thermodynamic data for ammonia and phosphine}},
journal = {Journal of Quantitative Spectroscopy \&\ Radiative Transfer},
volume  = {142},
pages = {66--74},
year={2014},
}
@Article{jt592,
author = {C. Sousa-Silva and A. F. Al-Refaie  AND J. Tennyson and S. N. Yurchenko},
title = {{ExoMol} line lists - {VII}. The rotation-vibration spectrum of phosphine up to 1500 {K}},
journal = {Monthly Notices of the Royal Astronomical Society },
volume = {446}, 
pages = {2337--2347},
year  = {2015}
}
@Article{jt580,
author = {D. S. Underwood and S. N. Yurchenko and J. Tennyson and P. Jensen},
title = {{Rotational spectrum of SO$_3$ and a theoretical evidence for the formation of rotational, energy level clusters in its vibrational ground state}},
journal = JCP,
volume = {140},
pages = {244316/1--10},
year = {2014}
}
@ARTICLE{jt641,
author = {D. S. Underwood and J. Tennyson and S. N. Yurchenko and  S. Clausen and A. Fateev},
title = {{ExoMol line lists XVII: A line list for hot SO$_3$}},
journal = {Monthly Notices of the Royal Astronomical Society },
year  = {2016},
volume = {462},
pages = {4300--4313}
}
@Article{jt597, 
author = {A. F. Al-Refaie and S. N. Yurchenko and A. Yachmenev and J. Tennyson},
title = {{ExoMol line lists - VIII: A variationally computed line list for hot formaldehyde}},
journal = {Monthly Notices of the Royal Astronomical Society },
volume = {448},
pages = {1704--1714},
year = {2015}
}
@Article{jt612,
author = {A. Owens and S. N. Yurchenko and A. Yachmenev and J. Tennyson and W. Thiel},
title = {{Accurate {\it ab initio} vibrational energies of methyl chloride}},
journal = JCP,
volume ={142},
pages={244306/1--10},
year  = {2015}
}
@Article{jt701,
author = {A. Owens  AND S. N. Yurchenko and A. Yachmenev and W. Thiel and J. Tennyson},
title = {{ExoMol molecular line lists XXII. The rotation-vibration spectrum of silane up to 1200\,K}},
journal = {Monthly Notices of the Royal Astronomical Society },
volume={471},
pages={5025--5032},
year = {2017}
}
@Article{jt620,
author = {A. F. Al-Refaie and R. I. Ovsyannikov and  O. L. Polyansky and S. N. Yurchenko and J. Tennyson},
title = {{A variationally calculated room temperature line-list for H$_{2}$O$_{2}$}},
journal = {J. Mol. Spectrosc.},
volume = {318},
pages = {84--90},
year = {2015}
}
@Article{jt638,
author = {A. F. Al-Refaie and O. L. Polyansky and R. I. and Ovsyannikov  and J. Tennyson and S. N. Yurchenko },
title = {{ExoMol line lists XV: A hot line-list for hydrogen peroxide}},
journal = {Monthly Notices of the Royal Astronomical Society },
volume = {461},
pages = {1012--1022},
year = {2016}
}
@article{jtlinTROVE,
author = {Chubb,Katy L. and Yachmenev, Andrey and Tennyson, Jonathan and Yurchenko, Sergei N.},
title = {{Treating linear molecule HCCH in calculations of rotation-vibration spectra}},
journal = {The Journal of Chemical Physics},
volume = {149},
pages = {014101/1--17},
year = {2018},
}
@Article{jt729,
author = {B. P. Mant and A. Yachmenev AND J. Tennyson and S. N. Yurchenko},
title = {{ExoMol molecular line lists  - XXVII:  spectra of C$_2$H$_4$}},
journal = MNRAS,
volume = {478},
pages = {3220--3232},
year={2018}
}
@book{mss,
address = {Ottawa},
author = {Bunker, Philip R. and Jensen, Per},
edition = {Second},
pages = {748},
publisher = {NRC Research Press},
title = {{Molecular Symmetry and Spectroscopy}},
year = {1998}
}
@article{xelec83,
author = {Hudgens, Jeffrey W. and DiGiuseppe, T. G. and Lin, M. C.},
journal = {J. Chem. Phys.},
pages = {571--582},
title = {{Two photon resonance enhanced multiphoton ionization spectroscopy and state assignments of the methyl radical}},
volume = {79},
year = {1983}
}
@article{mu2_83,
author = {Yamada, Chikashi and Hirota, Eizi},
journal = {J. Chem. Phys.},
pages = {669--671},
title = {{The transition dipole moment of the $\nu_2$ band of the methyl radical}},
volume = {78},
year = {1983}
}
@article{mu2_89,
author = {Wormhoudt, J. and McCurdy, K. E.},
journal = {Chem. Phys. Lett.},
pages = {47--50},
title = {{A measurement of the strength of the $\nu_2$ band of CH$_3$}},
volume = {156},
year = {1989}
}
@article{mu2_05,
author = {Stancu, G. D. and R{\"{o}}pcke, J. and Davies, P. B.},
journal = {J. Chem. Phys.},
pages = {014306/1--11},
title = {{Line strengths and transition dipole moment of the $\nu_2$ fundamental band of the methyl radical}},
volume = {122},
year = {2005}
}
@article{mu2_08,
author = {Stancu, Gabi D. and R{\"{o}}pcke, J{\"{u}}rgen and Davies, Paul B.},
journal = {J. Phys. Chem. A},
pages = {6285--6288},
title = {{Measurement of the Transition Dipole Moment of the First Hot Band of the $\nu_2$ Mode of the Methyl Radical by Diode Laser Spectroscopy}},
volume = {112},
year = {2008}
}
@article{trove05,
author = {Yurchenko, Sergei N. and Carvajal, Miguel and Jensen, Per and Lin, Hai and Zheng, Jingjing and Thiel, Walter},
journal = {Mol. Phys.},
pages = {359--378},
title = {{Rotation–vibration motion of pyramidal XY3 molecules described in the Eckart frame: Theory and application to NH$_3$}},
volume = {103},
year = {2005}
}
@article{trove07,
author = {Yurchenko, Sergei N. and Thiel, Walter and Jensen, Per},
journal = {J. Mol. Spectrosc.},
pages = {126--140},
title = {{Theoretical ROVibrational Energies (TROVE): A robust numerical approach to the calculation of rovibrational energies for polyatomic molecules}},
volume = {245},
year = {2007}
}
@article{trove15,
author = {Yachmenev, Andrey and Yurchenko, Sergei N.},
journal = {J. Chem. Phys.},
pages = {014105/1--16},
title = {{Automatic differentiation method for numerical construction of the rotational-vibrational Hamiltonian as a power series in the curvilinear internal coordinates using the Eckart frame}},
volume = {143},
year = {2015}
}
@article{trove17a,
author = {Yurchenko, Sergei N. and Yachmenev, Andrey and Ovsyannikov, Roman I.},
journal = {J. Chem. Theory Comput.},
pages = {4368--4381},
title = {{Symmetry-Adapted Ro-vibrational Basis Functions for Variational Nuclear Motion Calculations: TROVE Approach}},
volume = {13},
year = {2017}
}
@ARTICLE{adler07,
author = {Adler, T. B. and Knizia, G. and Werner, H.-J.},
journal = {J. Chem. Phys.},
title = {{A simple and efficient CCSD(T)-F12 approximation}},
year = {2007},
volume = {127},
pages = {221106/1--4}
}
@ARTICLE{adler09,
author = {Adler, T. B. and Werner, H.-J.},
journal = {J. Chem. Phys.},
title = {{Local explicitly correlated coupled-cluster methods: Efficient removal of the basis set incompleteness and domain errors}},
year = {2009},
volume = {130},
pages = {241101/1--5}
}
@Article{peterson08,
Title = {Systematically convergent basis sets for explicitly correlated wavefunctions: {The atoms H, He, B-Ne, and Al-Ar}},
Author = {Peterson, Kirk A. and Adler, Thomas B. and Werner, Hans-Joachim},
Journal = {J. Chem. Phys.},
Year = {2008},
Pages = {084102/1--12},
Volume = {128},
}
@ARTICLE{nh3_02,
author = {Lin, H. and Thiel, W. and Yurchenko, S. N. and Carvajal, M. and Jensen, P.},
title = {{Vibrational energies for {NH}$_3$ based on high level ab initio potential energy surfaces}},
journal = JCP,
year = {2002},
volume = {117},
pages = {11265--11276},
}
@article{molpro12,
author = {Werner, Hans Joachim and Knowles, Peter J. and Knizia, Gerald and Manby, Frederick R. and Sch{\"{u}}tz, Martin},
journal = {Wiley Interdisciplinary Reviews: Computational Molecular Science},
pages = {242--253},
publisher = {John Wiley {\&} Sons, Inc.},
title = {{Molpro: A general-purpose quantum chemistry program package}},
volume = {2},
year = {2012}
}
@article{watts,
year  = {1993},
volume = {98},
pages = {8718--8733},
author = {John D. Watts and J\"{u}rgen Gauss and Rodney J. Bartlett},
title = {Coupled-cluster methods with noniterative triple excitations for restricted open-shell Hartree{\textendash}Fock and other general single determinant reference functions. Energies and analytical gradients},
journal = {J. Chem. Phys.}
}
@Article{dunning,
author = {T. H. Dunning},
journal =  {J. Chem. Phys.},
title = {Gaussian basis sets for use in correlated molecular calculations. {I. T}he atoms boron through neon and hydrogen},
pages = {1007--1023},
volume = {90},
year = {1989},
}
@Article{kendall,
author = {Rick A. Kendall and Thom H. {Dunning,~Jr.} and Robert J. Harrison},
title = {Electron affinities of the first-row atoms revisited. {S}ystematic basis sets and wave functions},
journal = {J. Chem. Phys.},
volume = "96",
pages = {6796--6806},
year = "1992",
}
@article{nh3_05,
author = {Yurchenko, Sergei N. and Carvajal, Miguel and Lin, Hai and Zheng, Jingjing and Thiel, Walter and Jensen, Per},
journal = {J. Chem. Phys.},
pages = {104317/1--14},
title = {{Dipole moment and rovibrational intensities in the electronic ground state of NH$_3$: Bridging the gap between ab initio theory and spectroscopic experiment}},
volume = {122},
year = {2005}
}
@article{dipole05,
author = {Yurchenko, Sergei N. and Thiel, Walter and Carvajal, Miguel and Lin, Hai and Jensen, Per},
journal = {Adv. Quantum Chem.},
pages = {209--238},
title = {{Rotation-Vibration Motion of Pyramidal XY3 Molecules Described in the Eckart Frame: The Calculation of Intensities with Application to NH$_3$}},
volume = {48},
year = {2005}
}
@book{fms,
address = {Boca Raton},
author = {Bunker, Philip R and Jensen, Per},
edition = {First},
pages = {358},
publisher = {CRC Press},
title = {{The Fundamentals of Molecular Symmetry}},
year = {2004}
}
@article{ph3_08,
author = {Ovsyannikov, Roman I. and Thiel, Walter and Yurchenko, Sergei N. and Carvajal, Miguel and Jensen, Per},
journal = {J. Chem. Phys.},
pages = {044309/1--8},
title = {{Vibrational energies of PH$_3$ calculated variationally at the complete basis set limit}},
volume = {129},
year = {2008}
}
@article{nu2_81,
author = {Yamada, Chikashi and Hirota, Eizi and Kawaguchi, Kentarou},
journal = {J. Chem. Phys.},
pages = {5256--5264},
title = {{Diode laser study of the $\nu_2$ band of the methyl radical}},
volume = {75},
year = {1981}
}
@book{nu4_94,
address = {New York},
author = {Jacox, Marilyn E},
publisher = {American Chemical Society},
title = {{Vibrational and Electronic Energy Levels of Polyatomic Transient Molecules . Supplement B}},
volume = {1},
year = {2005}
}
@article{nu3_97b,
author = {Davis, Scott and Anderson, David T. and Duxbury, Geoffrey and Nesbitt, David J.},
journal = {J. Chem. Phys.},
pages = {5661--5675},
title = {{Jet-cooled molecular radicals in slit supersonic discharges: Sub-Doppler infrared studies of methyl radical}},
volume = {107},
year = {1997}
}
@article{mu3_95,
author = {Bethardy, G. A. and Macdonald, R. Glen},
journal = {J. Chem. Phys.},
pages = {2863--2872},
title = {{Direct measurement of the transition dipole moment of the $\nu_3$ asymmetric C-H stretching vibration of the CH$_3$ radical}},
volume = {103},
year = {1995}
}
@article{mu3_94,
author = {Tanarro, I. and Sanz, M. M. and Domingo, C. and Bermejo, D. and Santos, J. and Domenech, J. L.},
journal = {J. Phys. Chem.},
pages = {5862--5866},
title = {{Transition Dipole Moment of the $\nu_3$ Band of CH$_3$}},
volume = {98},
year = {1994}
}
@article{exocross,
author = {Yurchenko, S. N. and Al-Refaie, A. F. and Tennyson, J.},
journal = {Astron. Astrophys.},
pages = {A131/1--12},
title = {{ExoCross: a general program for generating spectra from molecular line lists}},
volume = {614},
year = {2018}
}
@article{nu2_82a,
author = {Hermann, Heinz W. and Leone, Stephen R.},
journal = {J. Chem. Phys.},
pages = {4759--4765},
title = {{Photofragment infrared emission spectroscopy: Vibrational progression and potential parameters of the CH$_3$($\nu_2$) ‘‘umbrella'' mode}},
volume = {76},
year = {1982}
}
@article{nu2_82b,
author = {Hermann, Heinz W. and Leone, Stephen R.},
journal = {J. Chem. Phys.},
pages = {4766--4774},
title = {{Photofragmentation dynamics of CH$_3$I at 248 and 266 nm: Vibrational distributions in the CH$_3$($\nu_2$) ‘‘umbrella'' mode}},
volume = {76},
year = {1982}
}
@article{nu2_82c,
author = {{\v{S}}pirko, V. and Bunker, P. R.},
journal = {J. Mol. Spectrosc.},
pages = {381--390},
title = {{The potential function and rotation-vibration energy levels of the methyl radical CH3}},
volume = {95},
year = {1982}
}

@article{92TrZaNi, 
author = {Triggs,Nancy E.  and Zahedi,Mansour  and Nibler,Joseph W.  and DeBarber,Peter  and Valentini,James J. },
title = {{High resolution study of the $\nu_1$ vibration of CH$_3$ by coherent Raman photofragment spectroscopy}},
journal = {The Journal of Chemical Physics},
volume = {96},
number = {3},
pages = {1822-1831},
year = {1992},
doi = {10.1063/1.462083},

URL = { 
        https://doi.org/10.1063/1.462083
    
},
eprint = { 
        https://doi.org/10.1063/1.462083
    
}

}


@misc{19AdYaYu.zenodo, 
title={Supplementary material: A variationally computed IR line list for the methyl radical CH3}, 
DOI={10.5281/zenodo.2607732}, 
publisher={Zenodo}, 
author={Adam, Ahmad Y. and Yachmenev, Andrey and Yurchenko, Sergei N. and Jensen, Per}, 
note={{Zenodo}.~https://doi.org/10.5281/zenodo.2607732},
year={2019}, 
month={Mar}
}


@article{ 17AlYuTe,
Author = {Al-Refaie, Ahmed F. and Yurchenko, Sergei N. and Tennyson, Jonathan},
Title = {{GPU Accelerated INtensities MPI GAIN-MPI: A new method of computing
   Einstein-A coefficients}},
Journal = {Comput. Phys. Commun.},
Year = {2017},
Volume = {214},
Pages = {216-224},
DOI = {10.1016/j.cpc.2017.01.013},
Keywords = {Rotation-vibration spectra; Transition probabilities; Intensities}
}
